<record xmlns="http://www.loc.gov/MARC21/slim" xmlns:xsi="http://www.w3.org/2001/XMLSchema-instance" xsi:schemaLocation="http://www.loc.gov/MARC21/slim http://www.loc.gov/standards/marcxml/schema/MARC21slim.xsd"><leader>03151nam a2200505   4500</leader><controlfield tag="001">1909832</controlfield><controlfield tag="003">NIC</controlfield><controlfield tag="006">m        d        </controlfield><controlfield tag="007">cr cn |||m|||a</controlfield><controlfield tag="008">150223s1962    ua      ob    001 0 ara d</controlfield><datafield ind1=" " ind2=" " tag="040"><subfield code="a">NNU</subfield><subfield code="b">eng</subfield><subfield code="e">rda</subfield><subfield code="c">NNU</subfield></datafield><datafield ind1="1" ind2=" " tag="100"><subfield code="6">880-01</subfield><subfield code="a">Bakri&#772;, Abu&#772; &#699;Ubayd &#699;Abd Alla&#772;h ibn &#699;Abd al-&#699;Azi&#772;z,</subfield><subfield code="d">1040-1094.</subfield></datafield><datafield ind1="1" ind2="0" tag="240"><subfield code="6">880-02</subfield><subfield code="a">Tanbi&#772;h &#699;ala&#769; awha&#772;m Abi&#772; &#699;Ali&#772; fi&#772; Ama&#772;li&#772;h</subfield></datafield><datafield ind1="1" ind2="0" tag="245"><subfield code="6">880-03</subfield><subfield code="a">Kita&#772;b al-tanbi&#772;h &#699;ala&#769; awha&#772;m Abi&#772; &#699;Ali&#772; fi&#772; Ama&#772;li&#772;h /</subfield><subfield code="c">ta&#700;li&#772;f Abi&#772; &#699;Ubayd &#699;Abd Alla&#772;h ibn &#699;Abd al-&#699;Azi&#772;z al-Bakri&#772; ; wa-yali&#772;hi faha&#772;ris bi-asma&#772;&#700; al-a&#699;la&#772;m wa-al-qaba&#772;&#700;il wa-al-ama&#772;kin wa-qawa&#772;fi&#772; al-abya&#772;t wa-ghayr dhalik.</subfield></datafield><datafield ind1=" " ind2=" " tag="250"><subfield code="6">880-04</subfield><subfield code="a">al-T&#803;ab&#699;ah 1.</subfield></datafield><datafield ind1=" " ind2=" " tag="260"><subfield code="6">880-05</subfield><subfield code="a">al-Qa&#772;hirah :</subfield><subfield code="b">Mat&#803;ba&#699;at Da&#772;r al-Kutub al-Mis&#803;ri&#772;yah,</subfield><subfield code="c">1962.</subfield></datafield><datafield ind1=" " ind2=" " tag="300"><subfield code="a">online resource (224 pages)</subfield></datafield><datafield ind1=" " ind2=" " tag="336"><subfield code="a">text</subfield><subfield code="2">rdacontent</subfield></datafield><datafield ind1=" " ind2=" " tag="337"><subfield code="a">computer</subfield><subfield code="2">rdamedia</subfield></datafield><datafield ind1=" " ind2=" " tag="338"><subfield code="a">online resource</subfield><subfield code="2">rdacarrier</subfield></datafield><datafield ind1=" " ind2=" " tag="500"><subfield code="a">In Arabic.</subfield></datafield><datafield ind1=" " ind2=" " tag="500"><subfield code="a">Part of the Arabic Collections Online (ACO) project, contributed by Cornell University Libraries.</subfield></datafield><datafield ind1=" " ind2=" " tag="504"><subfield code="a">Includes bibliographical references and indexes.</subfield></datafield><datafield ind1=" " ind2=" " tag="500"><subfield code="a">Partially vocalized.</subfield></datafield><datafield ind1=" " ind2=" " tag="500"><subfield code="a">Errata sheet inserted at end.</subfield></datafield><datafield ind1=" " ind2=" " tag="533"><subfield code="a">Electronic reproduction.</subfield><subfield code="b">New York, N.Y. :</subfield><subfield code="c">New York University,</subfield><subfield code="d">2015.</subfield><subfield code="5">NNU</subfield></datafield><datafield ind1="1" ind2="0" tag="600"><subfield code="6">880-06</subfield><subfield code="a">Qa&#772;li&#772;, Abu&#772; &#699;Ali&#772; Isma&#772;&#699;i&#772;l ibn al-Qa&#772;sim,</subfield><subfield code="d">901?-967?</subfield><subfield code="t">Ama&#772;li&#772;.</subfield></datafield><datafield ind1=" " ind2="0" tag="650"><subfield code="a">Arabic philology</subfield><subfield code="v">Early works to 1800.</subfield></datafield><datafield ind1="0" ind2="7" tag="630"><subfield code="a">Ama&#772;li&#772; (Qa&#772;li&#772;, Abu&#772; &#699;Ali&#772; Isma&#772;&#699;i&#772;l ibn al-Qa&#772;sim)</subfield><subfield code="2">fast</subfield><subfield code="0">(OCoLC)fst01378503</subfield></datafield><datafield ind1=" " ind2="7" tag="650"><subfield code="a">Arabic philology.</subfield><subfield code="2">fast</subfield><subfield code="0">(OCoLC)fst00812526</subfield></datafield><datafield ind1=" " ind2="7" tag="655"><subfield code="a">Early works.</subfield><subfield code="2">fast</subfield><subfield code="0">(OCoLC)fst01411636</subfield></datafield><datafield ind1="1" ind2="2" tag="700"><subfield code="6">880-07</subfield><subfield code="a">Qa&#772;li&#772;, Abu&#772; &#699;Ali&#772; Isma&#772;&#699;i&#772;l ibn al-Qa&#772;sim,</subfield><subfield code="d">901?-967?</subfield><subfield code="t">Ama&#772;li&#772;.</subfield></datafield><datafield ind1="2" ind2=" " tag="710"><subfield code="a">Cornell University.</subfield><subfield code="b">Libraries.</subfield></datafield><datafield ind1="0" ind2=" " tag="730"><subfield code="a">Arabic Collections Online.</subfield></datafield><datafield ind1="0" ind2="8" tag="776"><subfield code="i">Print version:</subfield><subfield code="a">Bakri&#772;, Abu&#772; &#699;Ubayd &#699;Abd Alla&#772;h ibn &#699;Abd al-&#699;Azi&#772;z, 1040-1094.</subfield><subfield code="t">Kita&#772;b al-tanbi&#772;h &#699;ala&#769; awha&#772;m Abi&#772; &#699;Ali&#772; fi&#772; Ama&#772;li&#772;h</subfield><subfield code="w">(NIC)1909832</subfield><subfield code="w">(OCoLC)25653306</subfield></datafield><datafield ind1="4" ind2="0" tag="856"><subfield code="u">http://hdl.handle.net/2333.1/gqnk9c19</subfield></datafield><datafield ind1="1" ind2=" " tag="880"><subfield code="6">100-01/r</subfield><subfield code="a">&#1571;&#1576;&#1608; &#1593;&#1576;&#1610;&#1583; &#1593;&#1576;&#1583; &#1575;&#1604;&#1604;&#1607; &#1576;&#1606; &#1593;&#1576;&#1583; &#1575;&#1604;&#1593;&#1586;&#1610;&#1586; &#1575;&#1604;&#1576;&#1603;&#1585;&#1610;.</subfield></datafield><datafield ind1="1" ind2="0" tag="880"><subfield code="6">240-02/r</subfield><subfield code="a">&#1578;&#1606;&#1576;&#1610;&#1607; &#1593;&#1604;&#1609; &#1571;&#1608;&#1607;&#1575;&#1605; &#1571;&#1576;&#1610; &#1593;&#1604;&#1610; &#1601;&#1610; &#1571;&#1605;&#1575;&#1604;&#1610;&#1607;</subfield></datafield><datafield ind1="1" ind2="0" tag="880"><subfield code="6">245-03/r</subfield><subfield code="a">&#1603;&#1578;&#1575;&#1576; &#1575;&#1604;&#1578;&#1606;&#1576;&#1610;&#1607; &#1593;&#1604;&#1609; &#1571;&#1608;&#1607;&#1575;&#1605; &#1571;&#1576;&#1610; &#1593;&#1604;&#1610; &#1601;&#1610; &#1571;&#1605;&#1575;&#1604;&#1610;&#1607; /</subfield><subfield code="c">&#1578;&#1571;&#1604;&#1610;&#1601; &#1571;&#1576;&#1610; &#1593;&#1576;&#1610;&#1583; &#1593;&#1576;&#1583; &#1575;&#1604;&#1604;&#1607; &#1576;&#1606; &#1593;&#1576;&#1583; &#1575;&#1604;&#1593;&#1586;&#1610;&#1586; &#1575;&#1604;&#1576;&#1603;&#1585;&#1610; &#1563; &#1608;&#1610;&#1604;&#1610;&#1607; &#1601;&#1607;&#1575;&#1585;&#1587; &#1576;&#1571;&#1587;&#1605;&#1575;&#1569; &#1575;&#1604;&#1571;&#1593;&#1604;&#1575;&#1605; &#1608;&#1575;&#1604;&#1602;&#1576;&#1575;&#1574;&#1604; &#1608;&#1575;&#1604;&#1571;&#1605;&#1575;&#1603;&#1606; &#1608;&#1602;&#1608;&#1575;&#1601;&#1610; &#1575;&#1604;&#1571;&#1576;&#1610;&#1575;&#1578; &#1608;&#1594;&#1610;&#1585; &#1584;&#1604;&#1603;.</subfield></datafield><datafield ind1=" " ind2=" " tag="880"><subfield code="6">250-04/r</subfield><subfield code="a">&#1575;&#1604;&#1591;&#1576;&#1593;&#1577; &#1633;.</subfield></datafield><datafield ind1=" " ind2=" " tag="880"><subfield code="6">260-05/r</subfield><subfield code="a">&#1575;&#1604;&#1602;&#1575;&#1607;&#1585;&#1577; :</subfield><subfield code="b">&#1605;&#1591;&#1576;&#1593;&#1577; &#1583;&#1575;&#1585; &#1575;&#1604;&#1603;&#1578;&#1576; &#1575;&#1604;&#1605;&#1589;&#1585;&#1610;&#1577;&#1548;</subfield><subfield code="c">&#1633;&#1641;&#1638;&#1634;.</subfield></datafield><datafield ind1="1" ind2="4" tag="880"><subfield code="6">600-06/r</subfield><subfield code="a">&#1602;&#1575;&#1604;&#1610;&#1548; &#1575;&#1576;&#1608; &#1593;&#1604;&#1610; &#1575;&#1587;&#1605;&#1575;&#1593;&#1610;&#1604; &#1576;&#1606; &#1575;&#1604;&#1602;&#1575;&#1587;&#1605;&#1548;</subfield><subfield code="d">901&#1567;967&#1567;</subfield><subfield code="t">&#1575;&#1605;&#1575;&#1604;&#1610;.</subfield></datafield><datafield ind1="1" ind2="2" tag="880"><subfield code="6">700-07/r</subfield><subfield code="a">&#1602;&#1575;&#1604;&#1610;&#1548; &#1571;&#1576;&#1608; &#1593;&#1604;&#1610; &#1575;&#1587;&#1605;&#1575;&#1593;&#1610;&#1604; &#1576;&#1606; &#1575;&#1604;&#1602;&#1575;&#1587;&#1605;&#1548;,</subfield><subfield code="d">967?-901?</subfield><subfield code="t">&#1571;&#1605;&#1575;&#1604;&#1610;.</subfield></datafield><datafield ind1=" " ind2=" " tag="959"><subfield code="a">NNU</subfield><subfield code="b">WEB</subfield><subfield code="c">GENI</subfield><subfield code="t">0</subfield><subfield code="m">Electronic access</subfield><subfield code="s">01</subfield></datafield><datafield ind1=" " ind2=" " tag="999"><subfield code="i">NIC_1909832</subfield><subfield code="o">(OCoLC)ocm25653306</subfield><subfield code="s">cornell_aco000065</subfield></datafield></record>